% This file was created with JabRef 2.10b2.
% Encoding: ISO8859_1


@InProceedings{KohlbrecherMeyerStrykKlingaufFlexibleSlamSystem2011,
  Title                    = {A Flexible and Scalable SLAM System with Full 3D Motion Estimation},
  Author                   = {S. Kohlbrecher and J. Meyer and O. von Stryk and U. Klingauf},
  Booktitle                = {Proc. IEEE International Symposium on Safety, Security and Rescue Robotics (SSRR)},
  Year                     = {2011},
  Month                    = {November},
  Organization             = {IEEE},

  Owner                    = {bobin},
  Timestamp                = {2017.05.20}
}

